% This file was created with JabRef 2.4.2.
% Encoding: UTF-8

@ARTICLE{594784,
  author = {Martin Erwig and Ralf Hartmut G\"{u}ting and Markus Schneider and
  Michalis Vazirgiannis},
  title = {Spatio-Temporal Data Types: An Approach to Modeling and Querying
  Moving Objects in Databases},
  journal = {Geoinformatica},
  year = {1999},
  volume = {3},
  pages = {269--296},
  number = {3},
  address = {Hingham, MA, USA},
  doi = {http://dx.doi.org/10.1023/A:1009805532638},
  issn = {1384-6175},
  publisher = {Kluwer Academic Publishers}
}

@INPROCEEDINGS{chenzaniolosqlst,
  author = {Cindy Xinmin Chen and Carlo Zaniolo},
  title = {SQL$^ST$ A Spatiotemporal Model and Query Language},
  booktitle = {Conceptual Modeling - ER 2000},
  year = {2000},
  volume = {1920/2000},
  pages = {111--182},
  publisher = {Springer Berlin, Heidelberg},
  doi = {http://dx.doi.org/10.1007/3-540-45393-8},
  isbn = {978-3-540-41072-0},
  issn = {0302-9743/1611-3349}
}

@ARTICLE{1146465,
  author = {Hartmut G\"{u}ting and Victor Teixeira de Almeida and Zhiming Ding},
  title = {Modeling and querying moving objects in networks},
  journal = {The VLDB Journal},
  year = {2006},
  volume = {15},
  pages = {165--190},
  number = {2},
  address = {Secaucus, NJ, USA},
  doi = {http://dx.doi.org/10.1007/s00778-005-0152-x},
  issn = {1066-8888},
  publisher = {Springer-Verlag New York, Inc.}
}

@INPROCEEDINGS{956692,
  author = {Spei\v{c}vcys,, Laurynas and Jensen,, Christian S. and Kligys,, Augustas},
  title = {Computational data modeling for network-constrained moving objects},
  booktitle = {GIS '03: Proceedings of the 11th ACM international symposium on Advances
  in geographic information systems},
  year = {2003},
  pages = {118--125},
  address = {New York, NY, USA},
  publisher = {ACM},
  doi = {http://doi.acm.org/10.1145/956676.956692},
  isbn = {1-58113-730-3},
  location = {New Orleans, Louisiana, USA}
}

@INPROCEEDINGS{VazWolfNetMod,
  author = {Michalis Vazirgiannis and Ouri Wolfson},
  title = {A Spatiotemporal Model and Language for Moving Objects on Road Networks},
  booktitle = {Advances in Spatial and Temporal Databases},
  year = {2001},
  volume = {2121/2001},
  pages = {20--35},
  publisher = {Springer Berlin, Heidelberg},
  doi = {http://dx.doi.org/10.1007/3-540-47724-1},
  isbn = {978-3-540-42301-0},
  issn = {0302-9743/1611-3349}
}
@INPROCEEDINGS{335426,
  author = {Luca Forlizzi and Ralf Hartmut G\"{u}ting and Enrico Nardelli and Markus Schneider},
  title = {A data model and data structures for moving objects databases},
  booktitle = {SIGMOD '00: Proceedings of the 2000 ACM SIGMOD international conference on Management of data},
  year = {2000},
  pages = {319--330},
  address = {New York, NY, USA},
  publisher = {ACM},
  doi = {http://doi.acm.org/10.1145/342009.335426},
  isbn = {1-58113-217-4},
  location = {Dallas, Texas, United States}
}

@ARTICLE{352963,
  author = {Ralf Hartmut G\"{u}ting and Michael H. B\"{o}hlen and Martin Erwig and Christian S. Jensen and Nikos A. Lorentzos and Markus Schneider and Michalis Vazirgiannis},
  title = {A foundation for representing and querying moving objects},
  journal = {ACM Trans. Database Syst.},
  year = {2000},
  volume = {25},
  pages = {1--42},
  number = {1},
  address = {New York, NY, USA},
  doi = {http://doi.acm.org/10.1145/352958.352963},
  issn = {0362-5915},
  publisher = {ACM}
}

@INPROCEEDINGS{686903,
  author = {Dieker,, Stefan and G\"{u}ting,, Ralf Hartmut},
  title = {Plug and Play with Query Algebras: SECONDO-A Generic DBMS Development   Environment},
  booktitle = {IDEAS '00: Proceedings of the 2000 International Symposium on Database   Engineering \& Applications},
  year = {2000},
  pages = {380--392},
  address = {Washington, DC, USA},
  publisher = {IEEE Computer Society},
  isbn = {0-7695-0789-1}
}

@INPROCEEDINGS{1054151,
  author = {G\"uting,, Ralf Hartmut and Almeida,, Victor and Ansorge,, Dirk and  Behr,, Thomas and Ding,, Zhiming and Hose,, Thomas and Hoffmann,, Frank and Spiekermann,, Markus and Telle,, Ulrich},
  title = {SECONDO: An Extensible DBMS Platform for Research Prototyping and
  Teaching},
  booktitle = {ICDE '05: Proceedings of the 21st International Conference on Data
  Engineering},
  year = {2005},
  pages = {1115--1116},
  address = {Washington, DC, USA},
  publisher = {IEEE Computer Society},
  doi = {http://dx.doi.org/10.1109/ICDE.2005.129},
  isbn = {0-7695-2285-8}
}

@ARTICLE{BerlinMODVLDB,
  author = {Christian D\"{u}ntgen, Thomas Behr and Ralf Hartmut G\"{u}ting},
  title = {BerlinMOD: A Benchmark for Moving Object Databases},
  journal = {The VLDB Journal},
  year = {2009},
  address = {Secaucus, NJ, USA},
  doi = {http://dx.doi.org/10.1007/s00778-009-0142-5},
  issn = {1066-8888},
  publisher = {Springer-Verlag New York, Inc.}
}

@MANUAL{secondoweb,
  title = {Secondo Web Site},
  organization = {Fernuniversit\"{a}t Hagen},
  month = {April},
  year = {2009},
  abstract = {Website for Secondo System},
  url = {http://dna.fernuni-hagen.de/Secondo.html/index.html}
}

@MANUAL{berlinmodweb,
  title = {BerlinMOD Benchmark Web Site},
  organization = {Fernuniversit\"{a}t Hagen},
  month = {June},
  year = {2008},
  abstract = {Webpage of the BerlinMOD Benchmark},
  url = {http://dna.fernuni-hagen.de/secondo/BerlinMOD/BerlinMOD.html}
}

@TECHREPORT{BerlinMOD,
  author = {Christian D\"{u}ntgen, Thomas Behr and Ralf Hartmut G\"{u}ting},
  title = {BerlinMOD: A Benchmark for Moving Object Databases},
  institution = {FernUniverstit\"{a}t in Hagen},
  year = {2007},
  type = {Informatik Berichte},
  number = {340}
}

@MANUAL{bbike,
  title = {Berlin Road Map},
  author = {Rezi\'{c},, S.},
  year = {2008},
  abstract = {road map of berlin used in BerlinMOD Benchmark with friendly permission
  of the author.},
  url = {http://bbbike.de}
}

@MANUAL{berlinstadtatlas,
  title = {Interaktiver Stadtatlas Berlin},
  organization = {Statistisches Landesamt Berlin},
  year = {2008},
  abstract = {basic data for WorkRegions and HomeRegions data of BerlinMOD Benchmark},
  url = {http://www.statistik-berlin.de/framesets/berl.html}
}

@MANUAL{bevberlin,
  title = {Bevoelkerungsstand in Berlin Ende September 2006 nach Bezirken},
  organization = {Statistisches Landesamt Berlin},
  year = {2008},
  abstract = {basic data for WorkRegions and HomeRegions from BerlinMOD taken from
  here.}
}

@ARTICLE{1046970,
  author = {De Almeida, Victor Teixeira and G\"{u}ting, Ralf Hartmut},
  title = {Indexing the Trajectories of Moving Objects in Networks*},
  journal = {Geoinformatica},
  year = {2005},
  volume = {9},
  pages = {33--60},
  number = {1},
  address = {Hingham, MA, USA},
  doi = {http://dx.doi.org/10.1007/s10707-004-5621-7},
  issn = {1384-6175},
  publisher = {Kluwer Academic Publishers}
}

@TECHREPORT{MONTree,
  author = {Victor Teixeira de Almeida and Ralf Hartmut G\"{u}ting},
  title = {Indexing the Trajectories of Moving Objects in Networks},
  institution = {FernUniverstit\"{a}t in Hagen},
  year = {2004},
  type = {Informatik Berichte},
  number = {309}
}

@INPROCEEDINGS{COSTBenchmark,
  author = {Christian S. Jensen and Dalia Tiesyte and Nerius Tradisauskas},
  title = {The COST Benchmark -Comprasion and Evaluation of Spatio-Temporal Indexes},
  booktitle = {Database Systems for Advanced Applications},
  year = {2006},
  volume = {3882/2006},
  pages = {125--140},
  publisher = {Springer Berlin, Heidelberg},
  doi = {10.1007/11733836-11},
  isbn = {978-3-540-33337-1}
}

@ARTICLE{QueriesTheodoridis,
  author = {Yannis Theodoridis},
  title = {Ten Benchmark Database Queries for Location-Base Services},
  journal = {The Computer Journal},
  year = {2003},
  volume = {46},
  pages = {713--725},
  number = {6},
  doi = {http://dx.doi.org/10.1093/comjnl/46.6.713},
  url = {http://comjnl.oxfordjournals.org/cgi/reprint/46/6/713}
}

@INPROCEEDINGS{HERMES,
  author = {Nikos Pelekis and Yannis Theodoridis and Spyros Vosinakis and Themis Panayiotopoulos},
  title = {HERMES - A Framework for Location Based Data Management},
  booktitle = {Advances in Database Technology - EDBT 2006},
  year = {2006},
  volume = {3896/2006},
  pages = {1130--1134},
  publisher = {Springer Berlin, Heidelberg},
  doi = {10.1007/11687238},
  isbn = {978-3-540-32960-2}
}

