
@inproceedings{G1994,
  author    = {G\"uting,R.H.},
  title     = {GraphDB:Modeling and Querying Graphs in Databases},
  booktitle = {VLDB},
  year      = {1994},
}
@inproceedings{HJ2003,
  author    = {Hage,C. and Jensen,C.S. and Pedersen,T.B. and Speicys,L. and Timko,I.},
  title     = {Integrated Data Management for Mobile Services in the Real World},
  booktitle = {VLDB},
  year      = {2003},
}

@article{JKPT04,
  author    = {Jensen,C.S. and Kligys,A. and Pedersen,T.B. and Timko,I.},
  title     = {Multidimensional data modeling for location-based services},
  volume    = {13},
  pages = {1-21},
  journal   = {VLDB Journal},
  year 		= {2004}
}

@inproceedings{TPS02,
  author    = {Tao,Y. and Papadias,D. and Shen,Q.},
  title     = {Continuous Nearest Neighbor Search},
  booktitle = {VLDB},
  year      = {2002},
}

@inproceedings{JP2003,
  author    = {Jensen,C.S. and Pedersen,T.B. and Speicys,L. and Timko,I.},
  title     = {Data Modeling for Mobile Services in the Real World},
  booktitle = {SSTD},
  year      = {2003},
}

@inproceedings{BPT04,
  author    = {Brakatsoulas,S. and Pfoser,D. and Tryfona,N.},
  title     = {Modeling, Storing and Mining Moving Object Databases},
  booktitle = {IDEAS},
  year      = {2004},
}

@inproceedings{PZ2003,
  author    = {Papadias,D. and Zhang,J. and Mamoulis,N. and Tao,Y.},
  title     = {Query Processing in Spatial Network Databases},
  booktitle = {VLDB},
  year      = {2003},
}
@inproceedings{SJ2003,
  author    = {Speicys,L. and Jensen,C.S. and Kligys,A.},
  title     = {Computational Data Modeling for Network-Constrained Moving Objects},
  booktitle = {ACM-GIS},
  year      = {2003},
}


@inproceedings{PO+97,
  author    = {Sistla,P. and Wolfson,O. and Chamberlain,S. and Dao,S.},
  title     = {Modeling and Querying Moving Objects},
  booktitle = {ICDE},
  pages = {422-432},
  year      = {1997},
}

@inproceedings{WX+98,
  author    = {Wolfson,O. and Xu,B. and Chamberlain,S. and Jiang,L.},
  title     = {Moving Objects Databases: Issues and Solutions},
  booktitle = {SSDBM},
  pages = {111-122},
  year      = {1998},
}

@inproceedings{BSWC09,
  author    = {Booth,J. and Sistla,P. and Wolfson,O. and Cruz,I.F.},
  title     = {A Data Model for Trip Planning in Multimodal Transportation Systems},
  booktitle = {EDBT},
  year      = {2009},
}

@inproceedings{FG+00,
  author    = {Forlizzi,L. and G\"uting,R.H. and Nardelli,E. and Schneider,M.},
  title     = {A Data Model and Data Structures for Moving Objects Databases},
  booktitle = {SIGMOD},
  pages = {319-330},
  year      = {2000},
}


@inproceedings{PS07,
  author    = {Praing,R. and Schneider,M.},
  title     = {Modeling Historical and Future Movements of Spatio-Temporal Objects in Moving Objects Databases},
  booktitle = {CIKM},
  pages = {183-192},
  year      = {2007},
}



@inproceedings{VW01,
  author    = {Vazirgiannis,M. and Wolfson,O.},
  title     = {A Spatiotemporal Model and Language for Moving Objects on Road Networks},
  booktitle = {SSTD},
  year      = {2001},
}


@inproceedings{SCGLS97,
  author    = {Shekhar,S. and Coyle,M. and Goyal,B. and Liu,D.R. and Sarkar,S.},
  title     = {Data Models in geographic information systems},
  booktitle = {Commun ACM 40},
  volume = {4},
  pages = {103-111},
  year      = {1997},
}



@inproceedings{MLY10,
  author    = {Mouratidis,K. and Lin,Y. and Yiu,M.L.},
  title     = {Preference Queries in Large Multi-Cost Transportation Networks},
  booktitle = {ICDE},
  year      = {2010},
}

@article{SJ2008,
  author    = {Speicys,L. and Jensen,C.S.},
  title     = {Enabling Location-based Services-Multi-Graph Representation of Transportation Networks},
  journal   = {GeoInformatica},
  year 		= {2008}
}

@inproceedings{MYPM06,
  author    = {Mouratidis,K. and Yiu,M.L and Papadias,D. and Mamoulis,N.},
  title     = {Continuous Nearest Neighbor Monitoring in Road Networks},
  booktitle = {VLDB},
  year      = {2006},
}

@article{LFGS03,
  author    = {Lema,J.A. and Forlizzi,L. and G\"uting,R.H., and Schneider,M.},
  title     = {Algorithms for Moving Objects Databases},
  journal   = {The Computer Journal},
  volume = {46},	
  number = {6},
  pages = {680-712},
  year 		= {2003}
}

@article{BJ2007,
  author    = {Brilingaite,A. and Jensen,C.S.},
  title     = {Enabling Routes of Road Network Constrained Movements as Mobile Service Context},
  journal   = {GeoInformatica},
  year 		= {2007}
}

@article{PC03,
  author    = {Peng,W.C. and Chen,M.S.},
  title     = {Developing data allocation schemes by incremental mining of user moving patterns in a mobile computing system},
  journal   = {TKDE},
  year 		= {2003}
}

@article{GA2006,
  author    = {G\"uting,R.H. and Almeida, V.T. de  and Ding,Z.M.},
  title     = {Modeling and Querying Moving Objects in Networks},
  journal   = {VLDB Journal},
  year 		= {2006}
}


@inproceedings{DG2004,
  author    = {Ding,Z. and G\"uting,R.H.},
  title     = {Managing Moving Objects on Dynamic Transportation Networks.},
  booktitle = {SSDBM},
  year      = {2004},
}

@inproceedings{G1993,
  author    = {G\"uting,R.H.},
  title     = {Second-Order Signature:A Tool for Specifying Data Models, Query Processing and Optimiation},
  booktitle = {SIGMOD},
  year      = {1993},
}

@inproceedings{ZLWX08,
  author    = {Zheng,Y. and Liu,L. and Wang,L. and Xie,X.},
  title     = {Learning Transportation Mode from Raw GPS Data for Geographic Applications on the Web.},
  booktitle = {WWW},
  year      = {2008},
}

@article{ZCXM09,
  author    = {Zheng,Y. and Chen,Y. and Xie,X. and Ma,W.Y.},
  title     = {Understanding transportation mode based on GPS data for Web application.},
  journal   = {ACM Transaction on the Web},
  volume = {4},    
  number = {1},
  pages = {1-36},
  year      = {2010},
}


@inproceedings{ZLCXM08,
  author    = {Zheng,Y. and Li,Q. and Chen,Y. and Xie,X. and Ma,W.Y.},
  title     = {Understanding Mobility Based on GPS Data.},
  booktitle = {UbiComp},
  year      = {2008},
}

@inproceedings{ZZPTT03,
  author    = {Zhang,J. and Zhu,M. and Papadias,D. and Tao,Y. and Tee,D.L.},
  title     = {Location-based Spatial Queries.},
  booktitle = {SIGMOD},
  year      = {2003},
}

@inproceedings{GRS00,
  author    = {Grumbach,S. and Rigaux,P. and Segoufin,L.},
  title     = {Manipulating Interpolated Data is Easier than You Thought.},
  booktitle = {VLDB},
  year      = {2000},
}


@inproceedings{MHP05,
  author    = {Mouratidis,K. and Hadjieleftheriou, M. and Papadias,D.},
  title     = {Conceptual Partitioning: An Efficient Method for Continuous Nearest Neighbor Monitoring},
  booktitle = {SIGMOD},
  year      = {2005},
}



@inproceedings{JLSZ08,
  author    = {Jeung,H. and Liu,Q. and Shen,H.T. and Zhou,X.},
  title     = {A Hybrid Prediction Model for Moving Objects},
  booktitle = {ICDE},
  year      = {2008},
}

@inproceedings{KO07,
  author    = {Kuijpers,B. and Othman,W.},
  title     = {Trajectory Databases: Data Models, Uncertainty and Complete Query Languages},
  booktitle = {ICDT},
  year      = {2007},
}

@article{GBE+00,
  author    = {G{\"u}ting, R. H. and M. H. B{\"o}hlen and Erwig,M. and Jensen, C. S. and Lorentzos,N. A.  and Schneider,M.  and Vazirgiannis,M. },
  title     = {A foundation for representing and querying moving objects.},
  journal   = {ACM TODS},
  volume    = {25},
  number    = {1},
  year      = {2000},
  pages     = {1-42},
  ee        = {http://doi.acm.org/10.1145/352958.352963},
  bibsource = {DBLP, http://dblp.uni-trier.de}
}

@article{EGSV99,
  author    = {Erwig,M. and G\"uting,R.H. and Schneider,M. and Vazirgiannis,M. },
  title     = {Spatio-Temporal Data Types:An Approach to Modeling and Querying Moving Objects in Databases},
  journal   = {GeoInformatica},
  volume    = {3},
  number    = {3},
  year      = {1999},
  pages     = {265-291},
}

@article{S02,
  author    = {Scarponcini,P.},
  title     = {Generalized Model for Linear Referencing in Transportation},
  journal   = {GeoInformatica},
  volume    = {6},
  number    = {1},
  year      = {2002},
  pages     = {35-55},
}

@article{MR05,
  author    = {Mouza,C. and Rigaux,P.},
  title     = {Mobility Patterns},
  journal   = {GeoInformatica},
  volume    = {9},
  number    = {4},
  year      = {2005},
  pages     = {297-319},
}


@article{W02,
  author    = {Wolfons,O.},
  title     = {Moving objects information management: The database challenge},
  journal   = {Lectur Nodes in Computure Science, 2383 Springer Verlagpp},
  year      = {2002},
  pages     = {75-89},
}

@inproceedings{JLY109,
  author    = {Jensen,C.S. and Lu,H. and Yang,B.},
  title     = {Indexing the Trajectories of Moving Objects in Symbolic Indoor Space},
  booktitle = {SSTD},
  year      = {2009},
}

@inproceedings{JLY209,
  author    = {Jensen,C.S. and Lu,H. and Yang,B.},
  title     = {Graph Model Based Indoor Tracking},
  booktitle = {MDM},
  year      = {2009},
}

@inproceedings{GAABDHHS05,
  author    = {G\"uting,R.H. and Almedia,V. and Ansorge,D. and Behr,T. and Ding,Z. and H\"ose,T. and Hoffmann,F. and Spiekermann,M.},
  title     = {SECONDO:An Extensible DBMS Platform for Research Prototyping and Teaching},
  booktitle = {ICDE,Demo Paper},
  year      = {2005},
}


@inproceedings{CMGGS06,
  author    = {J.Chen and X.Meng and Y.Guo and S.Grumbach and H.Sun},
  title     = {Modeling and Predicting Future Trajectories of Moving Objects in a Constrained Network},
  booktitle = {MDM},
  year      = {2006},
}

@inproceedings{JYZJS08,
  author    = {Jeung,H. and Yiu,M.L. and Zhou,X. and Jensen,C.S. and Shen,H.T.},
  title     = {Discovery of Convoys in Trajectory Databases},
  booktitle = {VLDB},
  year      = {2008},
}

@inproceedings{COO05,
  author    = {Chen,L. and \"Ozsu,M.T. and Oria,V.},
  title     = {Robust and Fast Similarity Search for Moving Object Trajectories},
  booktitle = {SIGMOD},
  year      = {2005},
}



@inproceedings{ISS03,
  author    = {Iwerks,G.S. and Samet,H. and Smith,K.},
  title     = {Continuous K-Nearest Neighbor Queries for Continuous Moving Points with Updates},
  booktitle = {VLDB},
  year      = {2003},
}

@inproceedings{SXI01,
  author    = {Su,J. and Xu,H. and Ibarra,O.H.},
  title     = {Moving Objects:Logical Relationships and Queries},
  booktitle = {SSTD},
  year      = {2001},
}

@inproceedings{WCKY01,
  author    = {Wolfson,O. and Chamberlain,S. and Kalpakis,K. and Yesha,Y.},
  title     = {Modeling moving objects for location based services},
  booktitle = {IMWS},
  year      = {2001},
}

@booklet{Inrix,
title	= {Inrix,Inc.Smart Dust Network. http://www.inrix.com/techdustnetwork.asp}
}


@booklet{ditugoogle,
title	= {http://ditu.google.com}
}


@booklet{GeoLife,
title	= {http://research.microsoft.com/en-us/projects/geolife}
}



@inproceedings{ABKMMV07,
  author    = {Alvares,L.O. and Bogorny,V. and Kuijpers,B. and Macedo,J. and Moelans,B. Vaisman,A.},
  title     = {A Model for Enriching Trajectories with Semantic Geographical Information},
  booktitle = {ACM GIS},
  year      = {2007},
}

@article{SPDMPV08,
  author    = {Spaccapietra,S. and Parent,C. and Damiani,M.L. and Macedo,J.A.de and Porto,F. and Vangenot,C.},
  title     = {A conceptual view on trajectories},
  journal = {Data  Knolwedge Engineering},
  volume = {65},
  pages = {126-146},
  year      = {2008},
}


@article{BKA09,
  author    = {Bogorny,V. and Kuijpers,B. and Alvares,L.},
  title     = {ST-DMQL:A Semantic Trajectory Data Mining Query Language},
  journal   = {International Journal of Geographical Information Science},
  volume    = {23},
  number    = {10},
  year      = {2009},
  pages     = {1245-1276},
}

@article{VMPR06,
  author    = {Viana,R. and Magillo,P. and Puppo,E. and Ramos,P.A.},
  title     = {Multi-VMap:A Multi-Scale Model for Vector Maps},
  journal   = {Geoinformatic},
  volume    = {10},
  year      = {2006},
  pages     = {359-394},
}

@article{DG2000,
  author    = {Dieker,S. and G\"uting,R.H.},
  title     = {Efficient Handling of Tuples with Embedded Large Objects},
  journal   = {Data \& Knowledge Engineering},
  volume    = {32},
  number    = {3},
  year      = {2000},
  pages     = {247-269},
}

@article{VD02,
  author    = {Voisard,A. and David,B.},
  title     = {A Database Perspective On Geospatial Data Modeling},
  journal   = {TKDE},
  volume    = {14},
  number 	= {2},
  year      = {2002},
  pages     = {226-242}
}


@article{GBX2010,
  author    = {G\"uting,R.H. and Behr,T. and Xu,J.},
  title     = {Efficient k-nearest neighbor search on moving object trajectories},
  journal   = {VLDB Journal},
  year      = {2010}
}

@article{DBG2009,
  author    = {D\"untgen,C. and Behr,T. and G\"uting,R.H.},
  title     = {BerlinMOD:A Benchmark for Moving Object Databases},
  volume    = {18},
  number 	= {6},
  pages = {1335-1368},
  journal   = {VLDB Journal},
  year      = {2009}
}

@inproceedings{MRS05,
  author    = {Mouza,C. and Rigaux,P. and Scholl,M.},
  title     = {Efficient Evaluation of Parameterized Pattern Queries},
  booktitle = {CIKM},
  year      = {2005},
}

@inproceedings{MR04,
  author    = {Mouza,C. and Rigaux,P.},
  title     = {Multi-scale Classification of Moving Object Trajectories},
  booktitle = {SSDBM},
  year      = {2004},
}

@inproceedings{TM08,
  author    = {Thiagarajan,A. and Madden,S.},
  title     = {Querying Continuous Functions in a Database System},
  booktitle = {SIGMOD},
  year      = {2008},
}

@inproceedings{YLJ10,
  author    = {Yang,B. and Lu,H. and Jensen,C.S.},
  title     = {Probabilistic Threshold k Nearest Neighbor Queries over Moving Objects in Symbolic Indoor Space},
  booktitle = {EDBT},
  year      = {2010},
}

@inproceedings{ZPMZ04,
  author    = {Zhang,J. and Papadias,D. and Mouratidis,K. and Zhu,M.},
  title     = {Spatial Queries in the Presence of Obstacles},
  booktitle = {EDBT},
  year      = {2004},
}

@inproceedings{PO+97,
  author    = {Sistla,P. and Wolfson,O. and Chamberlain,S. and Dao,S.},
  title     = {Modeling and Querying Moving Objects},
  booktitle = {ICDE},
  pages = {422-432},
  year      = {1997},
}

@inproceedings{LOS06,
  author    = {Lorenz,B. and Ohlbach,H.J. and Stoffel,E.P.},
  title     = {A Hybrid Spatial Model for Representing Indoor Environments},
  booktitle = {W2GIS},
  year      = {2006}
}

@inproceedings{CSZZX2010,
  author    = {Chen,Z. and Shen,H.T. and Zhou,X. and Zheng,Y. and Xie,X.},
  title     = {Searching Trajectories by Locations - An Efficiency Study},
  booktitle = {SIGMOD},
  year      = {2010}
}

@inproceedings{BGLPPT2008,
  author    = {Bauer,V. and Gamper,J. and Loperfido,R. and Profanter,S. and Putzer,S. and Timko,I.},
  title     = {Computing Isochrones in Multi-Modal, Schedule-Based Transport Networks},
  booktitle = {ACM GIS, Demo},
  year      = {2008}
}


@inproceedings{CCJ10,
  author    = {Cao,X. and Cong,G. and Jensen,C.S.},
  title     = {Mining Significant Semantic Locations From GPS Data},
  booktitle = {VLDB, Journal Track},
  year      = {2010}
}


@inproceedings{ZZXM09,
  author    = {Zheng,Y. and Zhang,L. and Xie,X. and Ma,W.Y.},
  title     = {Mining interesting locations and travel sequences from GPS trajectories},
  booktitle = {WWW},
  year      = {2009}
}

@inproceedings{LWY2006,
  author    = {Liu,Y. and Wolfson, O. and Yin,H.},
  title     = {Extracting semantic location from outdoor positioning systems},
  booktitle = {MDM},
  year      = {2006}
}
