@ARTICLE{bowman:reasoning,
	AUTHOR = "Mic Bowman and Saumya K. Debray and Larry L. Peterson",
	TITLE = "Reasoning About Naming Systems",
	JOURNAL = "ACM Trans. Program. Lang. Syst.",
	VOLUME = {15},
	NUMBER = {5},
	PAGES = {795-825},
	MONTH = "November",
	YEAR = {1993}	}

@ARTICLE{braams:babel,
	AUTHOR = "Johannes Braams",
	TITLE = "Babel, a Multilingual Style-Option System for Use with LaTeX's Standard Document Styles",
	JOURNAL = {TUGboat},
	VOLUME = {12},
	NUMBER = {2},
	PAGES = {291-301},
	MONTH = "June",
	YEAR = {1991}	}

@INPROCEEDINGS{clark:pct,
	AUTHOR = "Malcolm Clark",
	TITLE = "Post Congress Tristesse",
	BOOKTITLE = "TeX90 Conference Proceedings",
	PAGES = "84-89",
	ORGANIZATION = "TeX Users Group",
	MONTH = "March", 
	YEAR = {1991}	}

@ARTICLE{herlihy:methodology,
	AUTHOR = "Maurice Herlihy",
	TITLE = "A Methodology for Implementing Highly Concurrent
	Data Objects",
	JOURNAL = {ACM Trans. Program. Lang. Syst.},
	VOLUME = {15},
	NUMBER = {5},
	PAGES = {745-770},
	MONTH = "November",
	YEAR = {1993}	}

@BOOK{Lamport:LaTeX,
	AUTHOR = "Leslie Lamport",
	TITLE = "LaTeX User's Guide and Document Reference Manual",
	PUBLISHER = "Addison-Wesley Publishing Company",
	ADDRESS = "Reading, Massachusetts",
	YEAR = "1986"	}

@BOOK{salas:calculus,
	AUTHOR = "S.L. Salas and Einar Hille",
	TITLE = "Calculus: One and Several Variable",
	PUBLISHER = "John Wiley and Sons",
	ADDRESS = "New York",
	YEAR = "1978"	}


	
	\bibliographystyle{abbrv}
\bibliography{sigproc}

M2008 M. L. Yiu, N. Mamoulis, P. Karras,  Common Influence Join: A Natural Join Operation for Spatial Pointsets, In ICDE,2008.\\
G2006 R.H. GÃ¼ting, V.T. de Almeida, and Z. Ding, Modeling and Querying Moving Objects in Networks.  VLDB Journal 2006.\\
PZ2003 Papadias, D., Zhang, J., Mamoulis, N., Tao, Y. Query Processing in Spatial Network Databases. In VLDB, 2003. \\
SA2006. J. Sankaranarayanan, H. Alborzi, and H. Samet. Distance Join Queries on Spatial Networks.ACM-GIS,2006.\\
MD2005 Zhu, M., Papadias, D., Zhang, J., Lee, D. Top-k Spatial Joins. TKDE, 17(4), 567-579, 2005. \\
BK1993 T.Brinkhoff, H.P. Kriegel, and B.Seeger, Efficient Processing of Spatial Joins Using R-Trees, ACM SIGMOD, 1993.\\
BK1994 T.Brinkhoff,H.P.Kriegel,R.Schneider,B.Seeger. Multistep processing of spatial joins,SIGMOD,1994.\\
CB2001 C.BOohm,B.Braumuller,F.Krebs,and H.P.Kriegel, Epsilon Grid order:An Algorithm for the Similarit Join on Massive High-Dimensional Data, SIGMOD,2001.\\ 
LS2008 M.D.Lieberman, J.Sankaranarayanan,and H.Samet, A Fast Similarity Join Algorithm Using Graphics Processing Units, ICDE, 2008.\\
KS2000 N. Koudas, K.C.Sevcik, High dimensional similarity joins: algorithms and performance evaluation, TKDE, 2000. \\
KP2003 D.V. Kalashnikov, S. Prabhakar, Similarity join for low and high dimensional data,DASFAA, 2003.\\
J.P. Dittrich,B.Seeger GESS:a scalable similarity-join algorithm for mining large data sets in high dimensional spaces, KDD,2001\\
HJ1997 Y.W.Huang,N.Jing,E.A.Rundensteiner.Spatial Joins Using R-trees: Breadth First Traversal with Global Optimizations, VLDB, 1997.\\
HS1998 G.R.Hjaltason and H.Samet. Incremental distance join algorithms for spatial databases, SIGMOD,1998.\\
SAS2005 J.Sankaranarayanan,H.Alborzi,and H.Same. Efficient query processing on spatial networks, ACM-GIS,2005.\\
SM2003 Y.Shou,N.Mamoulis,H.P.Cao,D.Papadias,D.W. Cheung, Evaluation of Iceberg Distance Joins, SSTD,2003.\\
PD1996 J.M.Patel and D.J.DeWitt, Partition based spatial-merge join, SIGMOD, 1996.\\
SM2000 H.Shin, B.Moon, and S.Lee. Adaptive multi-stage distance join processing, SIGMOD, 2000.\\



