This file was created with JabRef 2.2.
Encoding: UTF-8

@ARTICLE{AAR,
  author = {Helmut Alt and Oswin Aichholzer and G"unter Rote},
  title = {Matching Shapes with a Reference Point},
  journal = {Proceedings 10th Annual ACM Syposium on Computational Geometry},
  year = {1994},
  pages = {85ff},
  booktitle = {Proceedings 10th Annual ACM Syposium on Computational Geometry},
  owner = {java},
  publisher = {ACM},
  timestamp = {2007.10.12}
}

@ARTICLE{AFRW,
  author = {Helmut Alt and Ulrich Fuchs and G"unter Rote and Gerald Weber},
  title = {Matching Convex Shapes with Respect to Symmetric Difference},
  journal = {Algorithmica},
  year = {1998},
  volume = {21},
  pages = {89ff},
  owner = {java},
  timestamp = {2007.10.13}
}

@INPROCEEDINGS{AHS,
  author = {Alt, Helmut and Hsu, David and Snoeyink, Jack},
  title = {Computing the Largest Inscribed Isothetic Rectangle},
  booktitle = {Proceedings of the Seventh Canadian Conference on Computational Geometry},
  year = {1995},
  pages = {67ff},
  owner = {java},
  timestamp = {2007.10.12}
}

@BOOK{Ber,
  title = {Geomety},
  publisher = {Springer-Verlag Berlin Heidelberg},
  year = {1987},
  author = {Marcel Berger},
  volume = {I},
  owner = {java},
  timestamp = {2007.10.13}
}

@BOOK{BW,
  title = {A Programmer's Geometry},
  publisher = {Butterworth Bourough Green},
  year = {1983},
  author = {Adrian Bowyer and John Woodwark},
  address = {Sevenoaks, Kent TN15 8PH, England},
  edition = {erste},
  owner = {java},
  timestamp = {2007.10.12}
}

@BOOK{Doe1,
  title = {Mathematik f"ur {I}nformatiker},
  publisher = {Carl Hanser Verlag M"unchen Wien},
  year = {1977},
  author = {Wilibald D"orfler},
  volume = {1 Finite Methoden und Algebra},
  owner = {java},
  timestamp = {2007.10.13}
}

@INBOOK{Doe1a,
  chapter = {7. Ringe und K"orper},
  pages = {206},
  title = {Mathematik f"ur {I}nformatiker},
  publisher = {Carl Hanser Verlag M"unchen Wien},
  year = {1977},
  author = {Wilibald D"orfler},
  volume = {1 Finite Methoden und Algebra},
  abstract = {Nur ein Test, wie man InBoos anlegt},
  owner = {java},
  timestamp = {2007.10.13}
}

@BOOK{Doe2,
  title = {Mathematik f"ur {I}nformatiker},
  publisher = {Carl Hanser Verlag M"unchen Wien},
  year = {1977},
  author = {Wilibald D"orfler},
  volume = {2 Methoden der Analysis},
  edition = {erste},
  owner = {java},
  timestamp = {2007.10.13}
}

@ARTICLE{G72,
  author = {Ronald L. Graham},
  title = {An Efficient Algorithm for Determining the Convex Hull of a Finite
	Planar Set.},
  journal = {Information Processing Letters},
  year = {1972},
  volume = {1},
  pages = {132f},
  owner = {java},
  timestamp = {2008.02.20}
}

@BOOK{Gru,
  title = {Convex Polytopes},
  publisher = {John Wiley \& sons, Ltd.},
  year = {1967},
  author = {Branko Gr{\"u}nbaum},
  owner = {java},
  timestamp = {2007.10.13}
}

@BOOK{KOP,
  title = {{LATEX Einf"uhrung}},
  publisher = {Addison-Wesley (Deutschland) GmbH},
  year = {1996},
  author = {Helmut Kopka},
  volume = {1},
  edition = {zweite},
  owner = {java},
  timestamp = {2007.10.12}
}

@BOOK{Lei,
  title = {Konvexe Mengen},
  publisher = {Springer-Verlag Berlin Heidelberg},
  year = {1980},
  author = {Kurt Leitwei"s},
  owner = {java},
  timestamp = {2007.10.13}
}

@PHDTHESIS{Schi,
  author = {Michael Schiwietz},
  title = {Speicherung und Anfragebearbeitung komplexer Geo-Objekte},
  school = {Ludwig-Maximilians-Universit"at M"unchen},
  year = {1993},
  month = {M"arz},
  owner = {java},
  timestamp = {2007.10.13}
}

@ARTICLE{Sch,
  author = {Rolf Schneider},
  title = {{K}r"ummmungsschwerpunkte konvexer {K}"orper},
  journal = {Abhandlungen aus dem Mathematischen Seminar der Universit"at Hamburg},
  year = {1972},
  volume = {37},
  pages = {112ff},
  owner = {java},
  timestamp = {2007.10.12}
}

@UNPUBLISHED{TG,
  author = { Erlend T\o{}ssebro and Ralf Hartmund G"uting},
  title = {Creating Repesentations for Continuously Moving Regions from Observations}
}

