% This file was created with JabRef 2.4.2.
% Encoding: UTF-8

@ARTICLE{1146465,
  author = {Hartmut G\"{u}ting and Victor Teixeira de Almeida and Zhiming Ding},
  title = {Modeling and querying moving objects in networks},
  journal = {The VLDB Journal},
  year = {2006},
  volume = {15},
  pages = {165--190},
  number = {2},
  address = {Secaucus, NJ, USA},
  doi = {http://dx.doi.org/10.1007/s00778-005-0152-x},
  issn = {1066-8888},
  publisher = {Springer-Verlag New York, Inc.}
}

@INPROCEEDINGS{686903,
  author = {Dieker,, Stefan and G\"{u}ting,, Ralf Hartmut},
  title = {Plug and Play with Query Algebras: SECONDO-A Generic DBMS Development
	Environment},
  booktitle = {IDEAS '00: Proceedings of the 2000 International Symposium on Database
	Engineering \& Applications},
  year = {2000},
  pages = {380--392},
  address = {Washington, DC, USA},
  publisher = {IEEE Computer Society},
  isbn = {0-7695-0789-1}
}

@INPROCEEDINGS{1054151,
  author = {G\"uting,, Ralf Hartmut and Almeida,, Victor and Ansorge,, Dirk and
	Behr,, Thomas and Ding,, Zhiming and Hose,, Thomas and Hoffmann,,
	Frank and Spiekermann,, Markus and Telle,, Ulrich},
  title = {SECONDO: An Extensible DBMS Platform for Research Prototyping and
	Teaching},
  booktitle = {ICDE '05: Proceedings of the 21st International Conference on Data
	Engineering},
  year = {2005},
  pages = {1115--1116},
  address = {Washington, DC, USA},
  publisher = {IEEE Computer Society},
  doi = {http://dx.doi.org/10.1109/ICDE.2005.129},
  isbn = {0-7695-2285-8}
}

@MANUAL{secondoweb,
  title = {Secondo Web Site},
  organization = {Fernuniversit\"{a}t Hagen},
  month = {April},
  year = {2009},
  abstract = {Website for Secondo System},
  url = {http://dna.fernuni-hagen.de/Secondo.html/index.html}
}

@MASTERSTHESIS{DAScheppokat,
  author = {Martin Scheppokat},
  title = {{Datenbanken f\"{u}r bewegliche Objekte in Netzen Prototypische Implementierung
	und experimentelle Auswertung}},
  school = {Fernuniversit\"{a}t in Hagen},
  year = {2007},
  type = {Diplomarbeit}
}

@ARTICLE{594784,
  author = {Martin Erwig and Ralf Hartmut G\"{u}ting and Markus Schneider and
	Michalis Vazirgiannis},
  title = {Spatio-Temporal Data Types: An Approach to Modeling and Querying
	Moving Objects in Databases},
  journal = {Geoinformatica},
  year = {1999},
  volume = {3},
  pages = {269--296},
  number = {3},
  address = {Hingham, MA, USA},
  doi = {http://dx.doi.org/10.1023/A:1009805532638},
  issn = {1384-6175},
  publisher = {Kluwer Academic Publishers}
}

@INPROCEEDINGS{335426,
  author = {Luca Forlizzi and Ralf Hartmut G\"{u}ting and Enrico Nardelli and
	Markus Schneider},
  title = {A data model and data structures for moving objects databases},
  booktitle = {SIGMOD '00: Proceedings of the 2000 ACM SIGMOD international conference
	on Management of data},
  year = {2000},
  pages = {319--330},
  address = {New York, NY, USA},
  publisher = {ACM},
  doi = {http://doi.acm.org/10.1145/342009.335426},
  isbn = {1-58113-217-4},
  location = {Dallas, Texas, United States}
}

@ARTICLE{352963,
  author = {Ralf Hartmut G\"{u}ting and Michael H. B\"{o}hlen and Martin Erwig
	and Christian S. Jensen and Nikos A. Lorentzos and Markus Schneider
	and Michalis Vazirgiannis},
  title = {A foundation for representing and querying moving objects},
  journal = {ACM Trans. Database Syst.},
  year = {2000},
  volume = {25},
  pages = {1--42},
  number = {1},
  address = {New York, NY, USA},
  doi = {http://doi.acm.org/10.1145/352958.352963},
  issn = {0362-5915},
  publisher = {ACM}
}

@INBOOK{dijkstra,
  pages = {269-271},
  title = {{A Note on Two Problems in Connexion with Graphs}},
  publisher = {Numerische Mathematik 1},
  year = {1959},
  author = {E.W.Dijkstra},
  booktitle = {Numerische Mathematik 1}
}


